<?xml version="1.0" encoding="UTF-8"?>
<collection xmlns:xsi="http://www.w3.org/2001/XMLSchema-instance" xsi:schemaLocation="http://www.loc.gov/MARC21/slim http://www.loc.gov/standards/marcxml/schema/MARC21slim.xsd" xmlns="http://www.loc.gov/MARC21/slim">
<record>
  <leader>00742cam a22001931i 4500</leader>
  <controlfield tag="001">2957716</controlfield>
  <controlfield tag="003">NNC</controlfield>
  <controlfield tag="005">20130426002526.0</controlfield>
  <controlfield tag="008">010212s1936    ua            000 0 ara d</controlfield>
  <datafield tag="035" ind1=" " ind2=" ">
    <subfield code="a">(OCoLC)ocm45893652</subfield>
  </datafield>
  <datafield tag="035" ind1=" " ind2=" ">
    <subfield code="9">ASK2809CU</subfield>
  </datafield>
  <datafield tag="035" ind1=" " ind2=" ">
    <subfield code="a">(NNC)2957716</subfield>
  </datafield>
  <datafield tag="040" ind1=" " ind2=" ">
    <subfield code="a">ZCU</subfield>
    <subfield code="c">ZCU</subfield>
  </datafield>
  <datafield tag="090" ind1=" " ind2=" ">
    <subfield code="a">BP165</subfield>
    <subfield code="b">.Q97</subfield>
  </datafield>
  <datafield tag="100" ind1="1" ind2=" ">
    <subfield code="a">Qurṭubī, Muḥammad ibn Aḥmad,</subfield>
    <subfield code="d">-1273.</subfield>
  </datafield>
  <datafield tag="245" ind1="1" ind2="3">
    <subfield code="a">al-Tadhkār fī afḍal al-adhkār : al-Qurʾān al-karīm /</subfield>
    <subfield code="c">li Abī Allāh Muḥammad ibn Aḥmad al-Qurṭubī ; kharraja aḥādīthahū wa-ʻallaqa hawāshiyahū Ahmad ibn Muḥammad ibn al-Ṣiddīq al-Ghumārī.</subfield>
  </datafield>
  <datafield tag="260" ind1=" " ind2=" ">
    <subfield code="a">al-Qāhirah :</subfield>
    <subfield code="b">Muḥammad Amīn al-Khānjī,</subfield>
    <subfield code="c">1355 [1936]</subfield>
  </datafield>
  <datafield tag="300" ind1=" " ind2=" ">
    <subfield code="a">8, 212 p. ;</subfield>
    <subfield code="c">24 cm.</subfield>
  </datafield>
  <datafield tag="955" ind1=" " ind2=" ">
    <subfield code="b">CU55318223</subfield>
    <subfield code="d">off,glx</subfield>
    <subfield code="e">BP165 .Q97</subfield>
  </datafield>
</record>
</collection>